/home/meliachevitch/Documents/references/index.bib