@PHDTHESIS{Pulvermacher:48741,
      author       = {Pulvermacher, Christian},
      title        = {Analysis {S}oftware and {F}ull {E}vent {I}nterpretation for the
                      {B}elle~{II} {E}xperiment},
      school       = {Karlsruhe Institute of Technology (KIT)},
      type         = {{PhD Thesis}},
      reportid     = {EKP-2015-00053},
      year         = {2015},
      note         = {},
      keywords     = {Dissertation (GND)},
      cin          = {Belle II},
      cid          = {I:(DE-IEKP)Belle2-20121205},
      typ          = {PUB:(DE-HGF)11},
      url          = {https://ekp-invenio.physik.uni-karlsruhe.de/record/48741},
}

@MASTERSTHESIS{Pulvermacher:48263,
      author       = {Pulvermacher, Christian},
      title        = {{dE/dx particle identification and pixel detector data
                      reduction for the Belle II experiment}},
      school       = {Karlsruhe Institute of Technology (KIT)},
      type         = "{Diploma Thesis}",
      reportid     = {IEKP-KA/2012-09},
      year         = {2012},
      note         = {},
      keywords     = {Unveröffentlichte Hochschulschrift (GND)},
      cin          = {Belle2},
      cid          = {I:(DE-IEKP)Belle2-20121205},
      typ          = {PUB:(DE-HGF)10},
      url          = {https://ekp-invenio.physik.uni-karlsruhe.de/record/48263},
}

@PHDTHESIS{Heller:48743,
      author       = {Heller, Andreas},
      title        = {Search for {B}$^+ \rightarrow \ell^+ \nu \gamma$ decays with hadronic
                      tagging using the full {B}elle data sample},
      school       = {Karlsruhe Institute of Technology (KIT)},
      type         = "{PhD Thesis}",
      reportid     = {EKP-2015-00055},
      pages        = {151},
      year         = {2015},
      note         = {},
      keywords     = {Dissertation (GND)},
      cin          = {Belle},
      cid          = {I:(DE-IEKP)Belle-20121205},
      typ          = {PUB:(DE-HGF)11},
      url          = {https://ekp-invenio.physik.uni-karlsruhe.de/record/48743},
}

@article{hellerprd15,
  title = "{Search for ${B}^{+}\ensuremath{\rightarrow}{\ensuremath{\ell}}^{+}{\ensuremath{\nu}}_{\ensuremath{\ell}}\ensuremath{\gamma}$ decays with hadronic tagging using the full Belle data sample}",
  author = {Heller, Andreas and others },
  collaboration = {Belle},
  journal = {Phys. Rev. D},
  volume = {91},
  issue = {11},
  pages = {112009},
  numpages = {11},
  year = {2015},
  month = {Jun},
  publisher = {American Physical Society},
  doi = {10.1103/PhysRevD.91.112009},
  url = {http://link.aps.org/doi/10.1103/PhysRevD.91.112009},
  eprint         = "1504.05831",
  archivePrefix  = "arXiv",
  primaryClass   = "hep-ex",
  reportNumber   = "BELLE-PREPRINT-2015-6, KEK-PREPRINT-2015-3",
  SLACcitation   = "%%CITATION = ARXIV:1504.05831;%%"
}

@MASTERSTHESIS{Keck:48602,
      author       = {Keck, Thomas},
      title        = {The {F}ull {E}vent {I}nterpretation for {B}elle~{II}},
      school       = {Karlsruhe Institut of Technology (KIT)},
      type         = "{Master Thesis}",
      reportid     = {EKP-2015-00001},
      year         = {2014},
      keywords     = {Unveröffentlichte Hochschulschrift (GND)},
      cin          = {Belle II},
      cid          = {I:(DE-IEKP)Belle2-20121205},
      typ          = {PUB:(DE-HGF)19},
      url          = {https://ekp-invenio.physik.uni-karlsruhe.de/record/48602},
}

@MASTERSTHESIS{Gelb:48719,
      author       = {Gelb, Moritz},
      title        = "{Neutral B Meson Flavor Tagging for Belle II}",
      school       = {Karlsruhe Institut of Technology (KIT)},
      type         = "{Master Thesis}",
      reportid     = {EKP-2015-00031},
      year         = {2015},
      keywords     = {Unveröffentlichte Hochschulschrift (GND)},
      cin          = {Belle II},
      cid          = {I:(DE-IEKP)Belle2-20121205},
      typ          = {PUB:(DE-HGF)19},
      url          = {https://ekp-invenio.physik.uni-karlsruhe.de/record/48719},
}

@MASTERSTHESIS{nils,
      author       = {Braun, Nils},
      title        = "{Momentum Estimation of Slow Pions and Improvements on the
                      Track Finding in the Central Drift Chamber for the Belle II
                      Experiment}",
      school       = {Karlsruhe Institute of Technology (KIT)},
      type         = "{Master Thesis}",
      address      = {Karlsruhe},
      reportid     = {EKP-2015-00052},
      pages        = {98 p.},
      year         = {2015},
      keywords     = {Unveröffentlichte Hochschulschrift (GND)},
      cin          = {Belle II},
      cid          = {I:(DE-IEKP)Belle2-20121205},
      typ          = {PUB:(DE-HGF)19},
      url          = {https://ekp-invenio.physik.uni-karlsruhe.de/record/48740},
}

@mastersthesis{olli,
        author={Frost, Oliver},
        title={{A Local Tracking Algorithm for the Central Drift Chamber of Belle II}},
        school = {Karlsruhe Institute of Technology (KIT)},
        type = "{Diploma Thesis}",
        year={2013},
        url={http://ekp-invenio.physik.uni-karlsruhe.de/record/48172}
}

@PHDTHESIS{Neubauer:48215,
      author       = {Neubauer, Sebastian},
      title        = {Search for {B} $\rightarrow$ {K}$^{(*)} \nu \overline{\nu}$ {D}ecays Using a New
                      {P}robabilistic {F}ull {R}econstruction {M}ethod},
      school       = {Karlsruhe Institute of Technology (KIT)},
      type         = "{PhD Thesis}",
      reportid     = {IEKP-KA/2011-36},
      year         = {2011},
      note         = {},
      keywords     = {Dissertation (GND)},
      cin          = {Belle},
      cid          = {I:(DE-IEKP)Misc-20121205},
      typ          = {PUB:(DE-HGF)11},
      url          = {https://ekp-invenio.physik.uni-karlsruhe.de/record/48215},
}

@PHDTHESIS{Rhrken:48212,
      author       = {Röhrken, M.},
      title        = "{Time-Dependent CP Violation Measurements in Neutral B Meson
                      to Double-Charm Decays at the Japanese Belle Experiment}",
      reportid     = {IEKP-KA/2012-13},
      school       = {Karlsruhe Institute of Technology (KIT)},
      type         = "{PhD Thesis}",
      year         = {2012},
      cid          = {I:(DE-IEKP)Belle-20121205},
      url          = {https://ekp-invenio.physik.uni-karlsruhe.de/record/48212},
}

@article{Aad:2012tfa,
      author         = "Aad, Georges and others",
      title          = "{Observation of a new particle in the search for the
                        Standard Model Higgs boson with the ATLAS detector at the
                        LHC}",
      collaboration  = "ATLAS",
      journal        = "Phys. Lett.",
      volume         = "B716",
      year           = "2012",
      pages          = "1-29",
      doi            = "10.1016/j.physletb.2012.08.020",
      eprint         = "1207.7214",
      archivePrefix  = "arXiv",
      primaryClass   = "hep-ex",
      reportNumber   = "CERN-PH-EP-2012-218",
      SLACcitation   = "%%CITATION = ARXIV:1207.7214;%%"
}

@article{Chatrchyan:2012xdj,
      author         = "Chatrchyan, Serguei and others",
      title          = "{Observation of a new boson at a mass of 125 GeV with the
                        CMS experiment at the LHC}",
      collaboration  = "CMS",
      journal        = "Phys. Lett.",
      volume         = "B716",
      year           = "2012",
      pages          = "30-61",
      doi            = "10.1016/j.physletb.2012.08.021",
      eprint         = "1207.7235",
      archivePrefix  = "arXiv",
      primaryClass   = "hep-ex",
      reportNumber   = "CMS-HIG-12-028, CERN-PH-EP-2012-220",
      SLACcitation   = "%%CITATION = ARXIV:1207.7235;%%"
}

@article{Fukuda:1998mi,
      author         = "Fukuda, Y. and others",
      title          = "{Evidence for Oscillation of Atmospheric Neutrinos}",
      collaboration  = "Super-Kamiokande",
      journal        = "Phys. Rev. Lett.",
      volume         = "81",
      year           = "1998",
      pages          = "1562-1567",
      doi            = "10.1103/PhysRevLett.81.1562",
      eprint         = "hep-ex/9807003",
      archivePrefix  = "arXiv",
      primaryClass   = "hep-ex",
      reportNumber   = "BU-98-17, ICRR-REPORT-422-98-18, UCI-98-8,
                        KEK-PREPRINT-98-95, LSU-HEPA-5-98, UMD-98-003, SBHEP-98-5,
                        TKU-PAP-98-06, TIT-HPE-98-09",
      SLACcitation   = "%%CITATION = HEP-EX/9807003;%%"
}

@article{Ahmad:2001an,
      author         = "Ahmad, Q. R. and others",
      title          = "{Measurement of the rate of $\nu_e+d \to p+p+e^-$
                        interactions produced by $^8B$ solar neutrinos at the
                        Sudbury Neutrino Observatory}",
      collaboration  = "SNO",
      journal        = "Phys. Rev. Lett.",
      volume         = "87",
      year           = "2001",
      pages          = "071301",
      doi            = "10.1103/PhysRevLett.87.071301",
      eprint         = "nucl-ex/0106015",
      archivePrefix  = "arXiv",
      primaryClass   = "nucl-ex",
      reportNumber   = "UPR-0240E",
      SLACcitation   = "%%CITATION = NUCL-EX/0106015;%%"
}

@article{Ahmad:2002jz,
      author         = "Ahmad, Q. R. and others",
      title          = "{Direct evidence for neutrino flavor transformation from
                        neutral current interactions in the Sudbury Neutrino
                        Observatory}",
      collaboration  = "SNO",
      journal        = "Phys. Rev. Lett.",
      volume         = "89",
      year           = "2002",
      pages          = "011301",
      doi            = "10.1103/PhysRevLett.89.011301",
      eprint         = "nucl-ex/0204008",
      archivePrefix  = "arXiv",
      primaryClass   = "nucl-ex",
      SLACcitation   = "%%CITATION = NUCL-EX/0204008;%%"
}

@article{Bevan:2014iga,
      author         = "Bevan, A. J. and others",
      title          = "{The Physics of the B Factories}",
      collaboration  = "Belle, BaBar",
      journal        = "Eur. Phys. J.",
      volume         = "C74",
      year           = "2014",
      pages          = "3026",
      doi            = "10.1140/epjc/s10052-014-3026-9",
      eprint         = "1406.6311",
      archivePrefix  = "arXiv",
      primaryClass   = "hep-ex",
      reportNumber   = "SLAC-PUB-15968, KEK-PREPRINT-2014-3,
                        FERMILAB-PUB-14-262-T",
      SLACcitation   = "%%CITATION = ARXIV:1406.6311;%%"
}

@article{Kobayashi:1973fv,
      author         = "Kobayashi, Makoto and Maskawa, Toshihide",
      title          = "{CP Violation in the Renormalizable Theory of Weak
                        Interaction}",
      journal        = "Prog. Theor. Phys.",
      volume         = "49",
      year           = "1973",
      pages          = "652-657",
      doi            = "10.1143/PTP.49.652",
      reportNumber   = "KUNS-242",
      SLACcitation   = "%%CITATION = PTPKA,49,652;%%"
}


@electronic{noBBbar,
author = "Nishimura, Kurtis",
editor = {},
title = "{"Number of B events in Hadron B(J)"}",
url = {http://belle.kek.jp/secured/nbb/nbb.html},
urldate = {2016-26-04},
originalyear = {2009-06-23},
note = {{Belle internal, last accessed April 27th 2016}}
}

@article{PDG,
      author         = "Olive, K. A. and others",
      title          = "{Review of Particle Physics}",
      collaboration  = "Particle Data Group",
      journal        = "Chin. Phys.",
      volume         = "C38",
      year           = "2014",
      pages          = "090001",
      doi            = "10.1088/1674-1137/38/9/090001",
      SLACcitation   = "%%CITATION = CHPHD,C38,090001;%%"
}

@article{Agashe:2014kda-CKM,
      author         = "Olive, K. A. and others",
      title          = "{Review of Particle Physics}",
      collaboration  = "Particle Data Group",
      journal        = "Chin. Phys.",
      volume         = "C38",
      year           = "2014",
      pages          = "090001",
      note           = "{Section 12. The CKM Quark-Mixing Matrix}",
      doi            = "10.1088/1674-1137/38/9/090001",
      SLACcitation   = "%%CITATION = CHPHD,C38,090001;%%"
}

@article{Abe:2010gxa,
      author         = "Abe, T. and others",
      title          = "{Belle II Technical Design Report} ",
      collaboration  = "Belle II",
      year           = "2010",
      eprint         = "1011.0352",
      archivePrefix  = "arXiv",
      primaryClass   = "physics.ins-det",
      reportNumber   = "KEK-REPORT-2010-1",
      SLACcitation   = "%%CITATION = ARXIV:1011.0352;%%"
}

@article{Feindt:2011mr,
      author         = "Feindt, Michael and Keller, Fabian and Kreps, Michal and
                        Kuhr, Thomas and Neubauer, Sebastian and Zander, Daniel
                        and Zupanc, Anze",
      title          = "{A Hierarchical NeuroBayes-based Algorithm for Full
                        Reconstruction of B Mesons at B Factories}",
      journal        = "Nucl. Instrum. Meth.",
      volume         = "A654",
      year           = "2011",
      pages          = "432-440",
      doi            = "10.1016/j.nima.2011.06.008",
      eprint         = "1102.3876",
      archivePrefix  = "arXiv",
      primaryClass   = "hep-ex",
      SLACcitation   = "%%CITATION = ARXIV:1102.3876;%%"
}

@article{beneke2011b,
  title="{B meson distribution amplitude from $B \rightarrow \gamma \ell \nu$}",
  author={Beneke, M and Rohrwild, J},
      journal        = "Eur. Phys. J.",
      volume         = "C71",
      year           = "2011",
      pages          = "1818",
      doi            = "10.1140/epjc/s10052-011-1818-8",
      eprint         = "1110.3228",
      archivePrefix  = "arXiv",
      primaryClass   = "hep-ph",
      reportNumber   = "TTK-11-51, SFB-CPP-11-56",
      SLACcitation   = "%%CITATION = ARXIV:1110.3228;%%"
}


@article{Beneke2000313,
title = "{QCD factorization for exclusive non-leptonic B-meson decays: general arguments and the case of heavy–light final states}",
journal = "Nuclear Physics B ",
volume = "591",
number = "1–2",
pages = "313 - 418",
year = "2000",
note = "",
issn = "0550-3213",
doi = "10.1016/S0550-3213(00)00559-9",
url = "http://www.sciencedirect.com/science/article/pii/S0550321300005599",
author = "M. Beneke and G. Buchalla and M. Neubert and C.T. Sachrajda"
}

@article{Abashian2002117,
title = "{The Belle detector} ",
journal = "Nuclear Instruments and Methods in Physics Research Section A: Accelerators, Spectrometers, Detectors and Associated Equipment ",
volume = "479",
number = "1",
pages = "117 - 232",
year = "2002",
note = "Detectors for Asymmetric B-factories ",
issn = "0168-9002",
doi = "10.1016/S0168-9002(01)02013-7",
url = "http://www.sciencedirect.com/science/article/pii/S0168900201020137",
author = "A. Abashian and others"
}

@article{Schwanda201070,
title = "{SuperKEKB machine and Belle II detector status} ",
journal = "Nuclear Physics B - Proceedings Supplements",
volume = "209",
number = "1",
pages = "70 - 72",
year = "2010",
note = "Proceedings of the Third Workshop on Theory, Phenomenology and Experiments in Heavy Flavour Physics ",
issn = "0920-5632",
doi = "10.1016/j.nuclphysbps.2010.12.012",
url = "http://www.sciencedirect.com/science/article/pii/S0920563210004482",
author = "C. Schwanda"
}

@unpublished{b2coords,
title = "{Belle II Coordinate System and Guideline of Belle II Numbering Scheme}",
author = "T. Hara and T. Kuhr and Y. Ushiroda",
year = "2011",
note = "{Belle II internal note}"
}

@electronic{firstBeam,
author = {Akai, Kazunori and Koiso, Haruyo and Okada, Saeko},
editor = {},
title = {{KEK Press Release (March 2nd 2016): "First turns and successful storage of beams in the SuperKEKB electron and positron rings"}},
url = {https://www.kek.jp/en/NewsRoom/Release/20160302163000/},
urldate = {2016-03-29},
originalyear = {2016-03-02},
note = {{Last accessed March 29th 2016}}
}

@article{Wiechczynski:2015xyd,
      author         = "Wiechczynski, Jaroslaw Pawel",
      title          = "{The Belle II experiment at the SuperKEKB collider}",
      booktitle      = "{Proceedings,  2015 European Physical Society Conference
                        on High Energy Physics (EPS-HEP 2015)}",
      journal        = "PoS",
      volume         = "EPS-HEP2015",
      year           = "2015",
      pages          = "571",
      SLACcitation   = "%%CITATION = POSCI,EPS-HEP2015,571;%%"
}

@Misc{piilonen,
title = "{B-KLM Summary Talk}",
author = "Piilonen, Leo",
year = "2012",
month = "Mar",
howpublished = "{11th B2GM}",
url = "http://kds.kek.jp/contributionDisplay.py?sessionId=29&contribId=17&confId=8895",
note = "{Belle II internal Talk}"
}

@Misc{hadronB,
title = "{HadronB}",
author = "Casey, Brendan",
year = "2001",
month = "Jan",
howpublished = "{Belle internal Note 390}",
url = "https://belle.kek.jp/secured/belle_note/gn390/bn390_012901.ps.gz"
}

@electronic{hadronBweb,
author = "I. Adachi",
editor = {},
title = "{Selection Criteria in Classifying Beam Data}",
url = {http://belle.kek.jp/secured/runinfo/dst/skimmed_file/SkimmedFile/e000007/selection.html},
urldate = {2016-03-05},
originalyear = {2000-02-04},
note = {{Belle internal}}
}

@Misc{PID,
title = "{Proton identification efficiency and fake rates from $K/\pi$}",
author = "Majumder, G.",
year = "2003",
month = "November",
howpublished = "{Belle internal Note 670}",
url = "https://belle.kek.jp/secured/belle_note/gn670/note670.ps.gz"
}

@Article{bernardini,
volume = "10",
journal = "Phys. Rev. Lett.",
author = "C. Bernardini and G. F. Corazza and G. {Di Giugno} and G. Ghigo and J. Haissinski and P. Marin and R. Querzoli and B. Touschek",
month = "May",
doi = "10.1103/PhysRevLett.10.407",
year = "1963",
title = "{Lifetime and Beam Size in a Storage Ring}",
issue = "9",
publisher = "American Physical Society",
pages = "407--409"
}

@article{aulchenko,
  author="Aulchenko, V. and others",
  title="{Electromagnetic calorimeter for Belle II}",
  booktitle="{Proceedings of 16th International Conference on Calorimetry in High Energy Physics (CALOR 2014)}",
  journal="{Journal of Physics: Conference Series}",
  volume="587",
  number="1",
  pages="012045",
  url="http://stacks.iop.org/1742-6596/587/i=1/a=012045",
  year="2015",
  doi="10.1088/1742-6596/587/1/012045",
  SLACcitation="%%CITATION = 00462,587,012045;%%"
}

@inproceedings{Feldmann:2014iha,
      author         = "Feldmann, Thorsten",
      title          = "{Non-Leptonic Heavy Meson Decays - Theory Status}",
      booktitle      = "{12th Conference on Flavor Physics and CP Violation (FPCP
                        2014) Marseille, France, May 26-30, 2014}",
      url            = "https://inspirehep.net/record/1309602/files/arXiv:1408.0300.pdf",
      year           = "2014",
      eprint         = "1408.0300",
      archivePrefix  = "arXiv",
      primaryClass   = "hep-ph",
      reportNumber   = "SI-HEP-14-18, QFET-14-12",
      SLACcitation   = "%%CITATION = ARXIV:1408.0300;%%"
}

@article{Bell:2009fm,
      author         = "Bell, Guido and Pilipp, Volker",
      title          = "{$B^- \rightarrow \pi^- \pi^0/\rho^- \rho^0$ to NNLO in QCD factorization}",
      journal        = "Phys. Rev.",
      volume         = "D80",
      year           = "2009",
      pages          = "054024",
      doi            = "10.1103/PhysRevD.80.054024",
      eprint         = "0907.1016",
      archivePrefix  = "arXiv",
      primaryClass   = "hep-ph",
      reportNumber   = "TTP09-22, SFB-CPP-09-62",
      SLACcitation   = "%%CITATION = ARXIV:0907.1016;%%"
}

@article{Aubert:2007yh,
      author         = "Aubert, Bernard and others",
      title          = "{Search for the radiative leptonic decay $B^{+} \to
                        \gamma \ell^{+} \nu_{l}$}",
      collaboration  = "BaBar",
      year           = "2007",
      eprint         = "0704.1478",
      archivePrefix  = "arXiv",
      primaryClass   = "hep-ex",
      reportNumber   = "SLAC-PUB-12442, BABAR-PUB-06-067",
      SLACcitation   = "%%CITATION = ARXIV:0704.1478;%%",
      url 	     = "http://arxiv.org/abs/0704.1478"
}

@article{BaBarBLNuGamma,
  title = "{Model-independent search for the decay ${B}^{+}\ensuremath{\rightarrow}{l}^{+}{\ensuremath{\nu}}_{l}\ensuremath{\gamma}$}",
  author = "Aubert, B. and others",
  collaboration = "BaBar",
  journal = "Phys. Rev. D",
  volume = "80",
  issue = "11",
  pages = "111105",
  numpages = "8",
  year = "2009",
  month = "Dec",
  publisher = "American Physical Society",
  doi = "10.1103/PhysRevD.80.111105",
  url = "http://link.aps.org/doi/10.1103/PhysRevD.80.111105"
}

@article{Punzi:2003bu,
      author         = "Punzi, Giovanni",
      title          = "{Sensitivity of searches for new signals and its
                        optimization}",
      booktitle      = "{Statistical problems in particle physics, astrophysics
                        and cosmology. Proceedings, Conference, PHYSTAT 2003,
                        Stanford, USA, September 8-11, 2003}",
      journal        = "eConf",
      volume         = "C030908",
      year           = "2003",
      pages          = "MODT002",
      note           = "[,79(2003)]",
      eprint         = "physics/0308063",
      archivePrefix  = "arXiv",
      primaryClass   = "physics",
      reportNumber   = "PHYSTAT-2003-MODT002",
      SLACcitation   = "%%CITATION = PHYSICS/0308063;%%"
}

@electronic{tagging,
author = "Goldenzweig, Pablo",
editor = {},
title = "{(Semi-)leptonic and EW decays at Belle}",
url = {https://kds.kek.jp/indico/event/20409/session/3/contribution/2/material/slides/0.pdf},
urldate = {2016-26-04},
originalyear = {2016-07-02},
note = {{Presented at the 10th Belle PAC on February 7th 2016, Belle internal, last accessed April 26th 2016}}
}

@article{Satoyama200767,
title = "{A search for the rare leptonic decays $B^+ \rightarrow \mu^+ \nu_\mu$ and $B^+ \rightarrow e^+ \nu_e$}",
journal = "Physics Letters B ",
volume = "647",
number = "2–3",
pages = "67 - 73",
year = "2007",
note = "",
issn = "0370-2693",
doi = "http://dx.doi.org/10.1016/j.physletb.2007.01.068",
url = "http://www.sciencedirect.com/science/article/pii/S037026930700192X",
author = "N. Satoyama and others",
keywords = "Leptonic",
keywords = "B decay "
}

@electronic{krib,
      author       = "Krib",
      title        = "{Schematic layout of the KEKB particle accelerator at KEK in Tsukuba (Japan)}",
      month        = "Aug",
      year         = "2013",
      url          = "https://commons.wikimedia.org/wiki/File:KEKB.png",
      urldate      = {2016-19-05},
      originalyear = {2013-27-08},
      note         = "{Last accessed May 19th 2016}"
}

@electronic{Staric:295,
      author       = "Marko Staric",
      title        = "{Physics Analysis Software Framework for Belle II}",
      month        = "Apr",
      year         = "2015",
      url          = "http://d2comp.kek.jp/record/295/",
      urldate      = {2016-28-04},
      originalyear = {2015-14-04},
      note         = "{Belle II internal, last accessed April 28th 2016}"
}

@article{evtgen,
    author         = "Lange, D.J.",
    title          = "{The EvtGen particle decay simulation package}",
    journal        = "Nucl. Instrum. Meth.",
    volume         = "A462",
    pages          = "152--155",
    doi            = "10.1016/S0168-9002(01)00089-4",
    year           = "2001",
    SLACcitation   = "%%CITATION = NUIMA,A462,152;%%",
}

@article{eid_belle,
    title="{Electron identification in Belle}",
    author={Hanagaki, K. and Kakuno, H. and Ikeda, H. and Iijima, T. and Tsukamoto, T.}, 
    journal        = "Nucl. Instrum. Meth.",
    volume={A485},
    number={3},
    pages={490--503},
    year={2002},
    publisher={Elsevier},
    doi= "10.1016/S0168-9002(01)02113-1"
}

@article{muid_belle,
title = "{Muon identification in the Belle experiment at KEKB}",
journal = "Nuclear Instruments and Methods in Physics Research Section A: Accelerators, Spectrometers, Detectors and Associated Equipment ",
volume = "491",
number = "1–2",
pages = "69 - 82",
year = "2002",
note = "",
issn = "0168-9002",
doi = "10.1016/S0168-9002(02)01164-6",
url = "http://www.sciencedirect.com/science/article/pii/S0168900202011646",
author = "A Abashian and others",
keywords = "Muon identification",
keywords = "Belle detector",
keywords = "KEKB "
}

@article{feindtnim,
    title = "The {NeuroBayes} neural network package",
    ignorejournal = "Nuclear Instruments and Methods in Physics Research Section A: Accelerators, Spectrometers, Detectors and Associated Equipment",
    journal        = "Nucl. Instrum. Meth.",
    volume = "A559",
    number = "1",
    pages = "190--194",
    year = "2006",
    ignorenote={ACAT 2015},
    issn = "0168-9002",
    doi = "10.1016/j.nima.2005.11.166",
    ignoreurl = "https://www-ekp.physik.uni-karlsruhe.de/~feindt/acat05-neurobayes.pdf",
    author = "M. Feindt and U. Kerzel",
}
@ARTICLE{feindt,
   author = {{Feindt}, M.},
    title = "{A Neural Bayesian Estimator for Conditional Probability Densities}",
  journal = {ArXiv Physics e-prints},
   eprint = {arXiv:physics/0402093},
 keywords = {Physics - Data Analysis, Statistics and Probability},
     year = 2004,
    month = feb,
   adsurl = {http://adsabs.harvard.edu/abs/2004physics...2093F},
  adsnote = {Provided by the SAO/NASA Astrophysics Data System}
}

@article{moll_basf2,
    title={The Software Framework of the {Belle II} Experiment},
    author={Moll, A.},
    journal={Journal of Physics: Conference Series (CHEP 2010)},
    volume={331},
    pages={032024},
    year={2011},
    organization={IOP Publishing},
    doi={10.1088/1742-6596/331/3/032024},
}

@article{tmva,
author   =  "Hoecker, Andreas and Speckmayer, Peter and Stelzer, Joerg and Therhaag, Jan and von Toerne, Eckhard and Voss, Helge",
  title   =   "{TMVA: Toolkit for Multivariate Data Analysis}",
  journal    =   "PoS",
  volume    =   "ACAT",
  year   =   "2007",
  pages   =   "040",
  eprint   =   "physics/0703039",
  archivePrefix   =   "arXiv",
  SLACcitation   =   "%%CITATION = PHYSICS/0703039;%%"
}

@article{roobasf,
  title={Distributed parallel processing analysis framework for {Belle II} and {Hyper Suprime-Cam}},
  author={Mineo, Sogo and Itoh, Ryosuke and Katayama, Nobuhiko and Lee, Soohyung},
  journal={PoS (ACAT2010)},
  volume={026},
  year={2010},
  url={https://inspirehep.net/record/924965/files/ACAT2010_026.pdf}
}


@article{basf2_pp,
  author={Ryosuke Itoh and Soohyung Lee and N Katayama and S Mineo and A Moll and T Kuhr and M Heck},
  title={Implementation of parallel processing in the basf2 framework for {Belle II}},
  journal={Journal of Physics: Conference Series (CHEP 2012)},
  volume={396},
  number={2},
  pages={022026},
  doi={10.1088/1742-6596/396/2/022026},
  year={2012},
}
@article{basf2_pp_detailed,
  author         = "Lee, S. and Itoh, R. and Katayama, N. and Furusawa, H.  and Aihara, H. and Mineo, S.",
  title          = "{A common real time framework for SuperKEKB and Hyper Suprime-Cam at Subaru telescope}",
  booktitle      = "{Proceedings, 17th International Conference on Computing in High Energy and Nuclear Physics (CHEP 2009)}",
  journal={Journal of Physics: Conference Series},
  volume         = "219",
  year           = "2010",
  pages          = "022012",
  doi            = "10.1088/1742-6596/219/2/022012",
  SLACcitation   = "%%CITATION = 00462,219,022012;%%"
}

@article{stroustrupwhatis,
  title="{What is C++ 0x}",
  author={Stroustrup, Bjarne},
  journal={CVu},
  volume={21},
  pages={21},
  year={2009},
  url={http://www.stroustrup.com/what-is-2009.pdf},
  note={(accessed 2 August 2015)}
}

@misc{boost,
    title = "{Boost C++ Libraries}",
    url="http://www.boost.org",
}

@misc{googletest,
    title = "{Google C++ Testing Framework}",
    url="https://code.google.com/p/googletest/",
}

@misc{scons,
    title = "{SCons -- A software construction tool}",
    url="http://www.scons.org/",
}

@misc{theano,
    title = "{Theano - A numerical computation library for Python}",
    url="http://deeplearning.net/software/theano/",
}

@misc{tensorflow,
    title = "{TensorFlow Open Source Software Library}",
    url="https://www.tensorflow.org/",
}

@misc{belleFSE,
    title = "{Belle File Search Engine; Version 4.0 (Belle internal)}",
    url="http://bweb3.cc.kek.jp/index_m.php",
}

@article{root,
  title={{ROOT} -- an object oriented data analysis framework},
  author={Brun, Rene and Rademakers, Fons},
  journal        = "Nucl. Instrum. Meth.",
  volume={A389},
  number={1},
  pages={81--86},
  year={1997},
  publisher={Elsevier},
  doi            = "10.1016/S0168-9002(97)00048-X",
}
@article{geant4,
  author         = "Agostinelli, S. and others",
  title          = "{GEANT4: A Simulation toolkit}",
  ignorecollaboration  = "GEANT4",
  journal        = "Nucl. Instrum. Meth.",
  volume         = "A506",
  year           = "2003",
  pages          = "250-303",
  doi            = "10.1016/S0168-9002(03)01368-8",
  reportNumber   = "SLAC-PUB-9350, FERMILAB-PUB-03-339",
  SLACcitation   = "%%CITATION = NUIMA,A506,250;%%"
}
@article{fei_acat,
  author={C Pulvermacher and T Keck and M Feindt and M Heck and T Kuhr},
  title={An automated framework for hierarchical reconstruction of {B} mesons at the {Belle II} experiment},
  journal={Journal of Physics: Conference Series (ACAT 2014)},
  volume={608},
  number={1},
  pages={012048},
  ignoreurl={https://iopscience.iop.org/1742-6596/608/1/012048},
  doi={10.1088/1742-6596/608/1/012048},
  year={2015}
}

@article{foxwolfram,
  title = {Observables for the Analysis of Event Shapes in ${e}^{+}{e}^{-}$ Annihilation and Other Processes},
  author = {Fox, Geoffrey C. and Wolfram, Stephen},
  journal = {Phys. Rev. Lett.},
  volume = {41},
  issue = {23},
  pages = {1581--1585},
  numpages = {0},
  year = {1978},
  month = {Dec},
  publisher = {American Physical Society},
  doi = {10.1103/PhysRevLett.41.1581},
  ignoreurl = {http://link.aps.org/doi/10.1103/PhysRevLett.41.1581}
}

@article{CLEO,
  title = {Search for exclusive charmless hadronic     \textit{B}   decays},
  author = {Asner, D. M. and others},
  journal = {Phys. Rev. D},
  volume = {53},
  issue = {3},
  pages = {1039--1050},
  numpages = {0},
  year = {1996},
  month = {Feb},
  publisher = {American Physical Society},
  doi = {10.1103/PhysRevD.53.1039},
  url = {http://link.aps.org/doi/10.1103/PhysRevD.53.1039}
}

@ARTICLE{rave,
author={W. Waltenberger},
journal={IEEE Transactions on Nuclear Science},
title="{RAVE" A Detector-Independent Toolkit to Reconstruct Vertices}",
year={2011},
volume={58},
number={2},
pages={434-444},
doi={10.1109/TNS.2011.2119492},
ISSN={0018-9499},
month={April}
}

@article{Adachi:2003it,
      author         = "Adachi, I. and Itoh, R. and Katayama, N. and Tsukamoto,
                        T. and Hibino, T. and Yokoyama, M. and Hinz, L. and Ronga,
                        F.",
      title          = "{Computing system for the Belle experiment}",
      booktitle      = "{Proceedings, 13th International Conference on Computing
                        in High-Enery and Nuclear Physics (CHEP 2003)}",
      journal        = "eConf",
      volume         = "C0303241",
      year           = "2003",
      pages          = "MODT010",
      eprint         = "physics/0306120",
      archivePrefix  = "arXiv",
      primaryClass   = "physics",
      reportNumber   = "CHEP-2003-MODT010",
      SLACcitation   = "%%CITATION = PHYSICS/0306120;%%"
}

@article{Grossmann:2015lea,
      author         = "Grossman, Yuval and König, Matthias and Neubert,
                        Matthias",
      title          = "{Exclusive Radiative Decays of W and Z Bosons in QCD
                        Factorization}",
      journal        = "JHEP",
      volume         = "04",
      year           = "2015",
      pages          = "101",
      doi            = "10.1007/JHEP04(2015)101",
      eprint         = "1501.06569",
      archivePrefix  = "arXiv",
      primaryClass   = "hep-ph",
      reportNumber   = "MITP-15-002",
      SLACcitation   = "%%CITATION = ARXIV:1501.06569;%%"
}

@Article{Braun1990,
author="Braun, V. M.
and Filyanov, I. B.",
title="Conformal invariance and pion wave functions of nonleading twist",
journal="Zeitschrift f{\"u}r Physik C Particles and Fields",
year="1990",
volume="48",
number="2",
pages="239--247",
issn="1431-5858",
doi="10.1007/BF01554472",
url="http://dx.doi.org/10.1007/BF01554472"
}

@article{0038-5670-34-5-A08,
  author={Andrei D Sakharov},
  title="{Violation of CP invariance, C asymmetry, and baryon asymmetry of the universe}",
  journal={Soviet Physics Uspekhi},
  volume={34},
  number={5},
  pages={392},
  url={http://stacks.iop.org/0038-5670/34/i=5/a=A08},
  year={1991},
  abstract={}
}
